@online{imf,
  author={{International Monetary Fund}},
  title={World Economic Outlook},
  year={2024},
  url={https://www.imf.org/external/datamapper/profile/GBR},
}

@misc{m3,
  author={{Hot Button Issue, curated data}},
  title={{MathWorks Math Modeling Challenge 2025}},
  year={2025},
  url={https://m3challenge.siam.org/897bjhb54cgfc/}
}

@online{noaa,
  author={{National centers for Environmental Information}},
  title={{Global Climate Report}},
  year={2023},
  url={https://www.ncei.noaa.gov/access/monitoring/monthly-report/global/202313}
}
